%% This BibTeX bibliography file was created using BibDesk.
%% http://bibdesk.sourceforge.net/


%% Created for Jerry McMahan at 2016-07-05 15:28:27 -0400 


%% Saved with string encoding Unicode (UTF-8) 



@techreport{adams01,
	Address = {Albuquerque, New Mexico},
	Author = {Adams, Brian M and Swiler, Laura Painton and Hooper, Russell and Lewis, Allison and McMahan, Jerry A and Smith, Ralph C and Williams, Brian},
	Date-Added = {2016-07-05 19:24:22 +0000},
	Date-Modified = {2016-07-05 19:26:18 +0000},
	Institution = {Sandia National Laboratories},
	Title = {User Guidelines and Best Practices for {CASL VUQ} Analysis Using {DAKOTA}},
	Year = {2014}}

@article{szekely01,
	Author = {Sz{\'e}kely, G{\'a}bor J and Rizzo, Maria L},
	Date-Added = {2016-07-05 19:22:13 +0000},
	Date-Modified = {2016-07-05 19:24:18 +0000},
	Journal = {InterStat},
	Pages = {1--6},
	Title = {Testing for Equal Distributions in High Dimension},
	Volume = {5},
	Year = {2004}}
